@article{Aissen2003,
	Author = {Aissen, Judith},
	Journal = {{Natural Language \& Linguistic Theory}},
	Number = {3},
	Pages = {435-483},
	Title = {Differential Object Marking: Iconicity vs. Economy},
	Volume = {21},
	Year = {2003}}

@article{Longobardi2013,
	Author = {Longobardi, Giuseppe and Guardiano, Cristina and Silvestri, Giuseppina and Boattini, Alessio and Ceolin, Andrea},
	Journal = {Journal of Historical Linguistics},
	Number = {1},
	Pages = {122--152},
	Publisher = {John Benjamins},
	Title = {{Toward a syntactic phylogeny of modern Indo-European languages}},
	Volume = {3},
	Year = {2013}}

@article{Berwick1996,
	Author = {Berwick, Robert C and Niyogi, Partha},
	Journal = {Linguistic Inquiry},
	Pages = {605--622},
	Publisher = {JSTOR},
	Title = {Learning from triggers},
	Volume = {27},
	Year = {1996}}

@misc{HaleKissock2015,
	Address = {Reykjavik},
	Author = {Mark Hale and Madelyn Kissock},
	Title = {{Syntactic reconstruction: The correspondence problem revisited. Paper presented at the 17th Diachronic Generative Syntax Conference (DIGS 17), Reykjavik, May 31}},
    Url = {http://modlang-phonetica.concordia.ca/Iceland-Talk.pdf},
	Year = {2015}}

@article{Yang2000,
	Author = {Yang, Charles D},
	Journal = {Language Variation and Change},
	Number = {3},
	Pages = {231-50},
	Publisher = {Cambridge University Press},
	Title = {Internal and external forces in language change},
	Volume = {12},
	Year = {2000}}

@article{Heathetal2011,
	Author = {Heath, Tracy and Holder, Mark and Huelsenbeck, John},
	Journal = {Molecular biology and evolution},
	Pages = {939-55},
	Title = {{A Dirichlet Process Prior for estimating lineage-specific substitution rates}},
	Volume = {29},
	Year = {2011}}

@article{Heath2011,
	Author = {Heath, Tracy and Holder, Mark and Huelsenbeck, John},
	Journal = {Molecular Biology and Evolution},
	Pages = {939-55},
	Title = {{A Dirichlet Process Prior for estimating lineage-specific substitution rates}},
	Volume = {29},
	Year = {2011}}

@article{Tuffley1998,
	Author = {Tuffley, Chris and Steel, Mike},
	Journal = {Mathematical Biosciences},
	Number = {1},
	Pages = {63-91},
	Publisher = {Citeseer},
	Title = {Modeling the covarion hypothesis of nucleotide substitution},
	Volume = {147},
	Year = {1998}}

@incollection{BeaulieuOmeara2014,
	Address = {Heidelberg, New York, Dordrecht, London},
	Author = {Jeremy M. Beaulieu and Brian C. O'Meara},
	Booktitle = {Modern Phylogenetic Comparative Methods and Their Application in Evolutionary Biology: Concepts and Practice},
	Editor = {L\'aszl\'o Zsolt Garamszegi},
	Pages = {395-408},
	Publisher = {Springer},
	Title = {Hidden {M}arkov Models for Studying the Evolution of Binary Morphological Characters},
	Year = {2014}}

@article{Anderson1993,
	Author = {Anderson, Stephen R.},
	Journal = {Language},
	Pages = {68-98},
	Title = {Wackernagel's Revenge: Clitics, Morphology, and the Syntax of Second Position},
	Volume = {69},
	Year = {1993}}

@article{Box1980,
	Author = {Box, George E. P.},
	Journal = {Journal of the Royal Statistical Society. Series A (General)},
	Pages = {383-430},
	Publisher = {JSTOR},
	Title = {Sampling and {B}ayes' inference in scientific modelling and robustness},
	Volume = {143},
	Year = {1980}}
	
@article{Jäger2019,
   author = {Jäger, Gerhard},
   title = {Computational historical linguistics},
   journal = {Theoretical Linguistics},
   volume = {45},
   number = {3/4},
   pages = {151-182},
   year = {2019},
   type = {Journal Article}
}

@article{Cathcart2020,
	Address = {Leiden},
	Author = {Chundra A. Cathcart and Andreas H\"olzl and Gerhard J\"ager and Paul Widmer and Balthasar Bickel},
	Journal = {Language Dynamics and Change},
	Pages = {1 - 53},
	Publisher = {Brill},
	Title = {{Numeral classifiers and number marking in Indo-Iranian: a phylogenetic approach}},
	DOI = {https://doi.org/10.1163/22105832-bja10013},
	Year = {2020}}

@article{Widmer2017,
	Author = {Widmer, Manuel and Auderset, Sandra and Nichols, Johanna and Widmer, Paul and Bickel, Balthasar},
	Journal = {Language},
	Number = {4},
	Pages = {799--826},
	Publisher = {Linguistic Society of America},
	Title = {{NP recursion over time: Evidence from Indo-European}},
	Volume = {93},
	Year = {2017}}

@article{Blasi2020,
	Author = {Blasi, Dami{\'a}n E and Moran, Steven and Moisik, Scott and Widmer, Paul and Dediu, Dan and Bickel, Balthasar},
	Journal = {BioRxiv},
	Publisher = {Cold Spring Harbor Laboratory},
	Title = {{Languages, evolution and statistics: human sound systems were shaped by changes in bite configuration. Response to Tarasov \& Uyeda (2020)}},
	Url = {https://www.biorxiv.org/content/10.1101/2020.02.27.965400v1.abstract},
	Year = {2020}}

@article{Blasi2019,
	Author = {Blasi, Dami{\'a}n E and Moran, Steven and Moisik, Scott R and Widmer, Paul and Dediu, Dan and Bickel, Balthasar},
	Journal = {Science},
	Number = {6432},
	Publisher = {American Association for the Advancement of Science},
	Title = {{Human sound systems are shaped by post-Neolithic changes in bite configuration}},
	Volume = {363(6432)},
	Year = {2019}}

@book{WALS2013,
	Address = {Leipzig},
	Editor = {Matthew Dryer and Martin Haspelmath},
	Publisher = {Max Planck Institute for Evolutionary Anthropology},
	Title = {{World Atlas of Linguistic Structures}},
    	Year = {2013}}

@article{Baker2011,
	Author = {Baker, Mark C.},
	Journal = {Linguistic Typology},
	Number = {2},
	Pages = {473-482},
	Title = {The interplay between Universal Grammar, universals, and lineage specificity},
	Volume = {15},
	Year = {2011}}

@book{Bammesberger1986,
	Address = {Heidelberg},
	Author = {Bammesberger, Alfred},
	Publisher = {Winter},
	Title = {{Untersuchungen zur vergleichenden Grammatik der germanischen Sprachen. Bd 1, Der Aufbau des germanischen Verbalsystems}},
	Year = {1986}}

@book{Bopp1816,
	Address = {Frankfurt am Main},
	Author = {Franz Bopp},
	Publisher = {Andreas},
	Title = {{\"Uber das Conjugationssystem der Sanskritsprache}},
	Year = {1816}}

@incollection{Garrett2008,
	Address = {Oxford},
	Author = {Garrett, Andrew},
	Booktitle = {Explaining linguistic universals: Historical convergence and universal grammar},
	Editor = {Jeff Good},
	Pages = {124-143},
	Publisher = {Oxford University Press},
	Title = {Paradigmatic uniformity and markedness},
	Year = {2008}}

@incollection{Barðdal2014,
   author = {Barðdal, Jóhanna},
   title = {Syntax and syntactic reconstruction},
   booktitle = {{The Routledge handbook of historical linguistics}},
   editor = {Bowern, Claire and Evans, Bethwyn},
   publisher = {Routledge},
   address = {London - New York},
   pages = {343-373},
   year = {2014},
   type = {Book Section}}

@incollection{Barðdal2009,
   author = {Barðdal, Jóhanna and Eythórsson, Thórhallur},
   title = {{The origin of the oblique subject construction: an Indo-European comparison}},
   booktitle = {{Grammatical change in Indo-European languages}},
   editor = {Bubenik, Vit and Hewson, John and Rose, Sarah},
   publisher = {John Benjamins},
   address = {Amsterdam-Philadelphia},
   pages = {179-193},
   year = {2009},
   type = {Book Section}
}

@book{Bauer2000,
	Address = {Berlin},
	Author = {Bauer, Brigitte},
	Publisher = {Mouton de Gruyter},
	Title = {{Archaic syntax in Indo-European: the spread of transitivity in Latin and French}},
	Year = {2000}}

@incollection{Bauer2007,
	Address = {Amsterdam-Philadelphia},
	Author = {Bauer, Brigitte},
	Booktitle = {{Nominal Determination: Typology, context constratis, and historical emergence}},
	Editor = {Stark, Elisabeth and Leiss, Elisabeth and Abraham, Werner},
	Pages = {103-139},
	Publisher = {John Benjamins},
	Title = {{The definite article in Indo-European. Emergence of a new grammatical category?}},
	Year = {2007}}

@book{Bauer1995,
	Address = {Oxford},
	Author = {Bauer, Brigitte L. M.},
	Publisher = {Oxford University Press},
	Title = {{The emergence and development of SVO patterning in Latin and French: Diachronic and psycholinguistic perspectives}},
	Year = {1995}}

@article{Bickel2007,
	Author = {Bickel, Balthasar},
	Journal = {Linguistic Typology},
	Number = {1},
	Pages = {239-251},
	Title = {Typology in the 21st century: Major current developments},
	Volume = {11},
	Year = {2007}}

@incollection{Bickel2008,
	Address = {Amsterdam - Philadelphia},
	Author = {Bickel, Balthasar},
	Booktitle = {{Case and Grammatical Relations. Studies in honor of Bernard Comrie}},
	Editor = {Corbett Greville, G. and Noonan, Michael},
	Pages = {191-210},
	Publisher = {John Benjamins},
	Title = {On the scope of the referential hierarchy in the typology of grammatical relations},
	Year = {2008}}

@article{Bickel2011,
	Author = {Bickel, Balthasar},
	Journal = {Linguistic Typology},
	Number = {2},
	Pages = {401-413},
	Title = {Statistical modeling of language universals},
	Volume = {15},
	Year = {2011}}

@article{bouckaert2017pseudo,
	Author = {Bouckaert, Remco R and Robbeets, Martine},
	Journal = {BioRxiv},
	Url = {https://www.biorxiv.org/content/10.1101/207571v1},
	Publisher = {Cold Spring Harbor Laboratory},
	Title = {{Pseudo Dollo models for the evolution of binary characters along a tree}},
	Year = {2017}}

@incollection{NichollsGray2006,
	Address = {Cambridge},
	Author = {Geoff K. Nicholls and Russell D. Gray},
	Booktitle = {Phylogenetic methods and the prehistory of languages},
	Editor = {Peter Forster and Colin Renfrew},
	Pages = {161-71},
	Publisher = {McDonald Institute for Archaeological Research},
	Title = {Quantifying uncertainty in a stochastic {D}ollo model of vocabulary evolution},
	Year = {2006}}

@incollection{BaermanBrown2013,
	Address = {Leipzig},
	Author = {Matthew Baerman and Dunstan Brown},
	Booktitle = {{The World Atlas of Language Structures Online}},
	Editor = {Matthew S. Dryer and Martin Haspelmath},
	Publisher = {Max Planck Institute for Evolutionary Anthropology},
	Title = {Syncretism in Verbal Person/Number Marking},
	Year = {2013}}

@incollection{Bickel2002,
	Address = {Nijmegen},
	Author = {Bickel, Balthasar and Nichols, Johanna},
	Booktitle = {{Proceedings of the International LREC Workshop on Resources and Tools in Field Linguistics, Las Palmas, 26 - 27 May 2002}},
	Editor = {Austin, Peter and Dry, Helen and Witternburg, Peter},
	Publisher = {ISLE and DOBES},
	Title = {Autotypologizing Databases and their Use in Fieldwork},
	Year = {2002}}

@incollection{Bickel2007,
	Address = {Cambridge},
	Author = {Bickel, Balthasar and Nichols, Johanna},
	Booktitle = {Language Typology and Syntactic Description. Volume III: Grammatical Categories and the Lexicon},
	Editor = {Shopen, Timothy},
	Pages = {169-239},
	Publisher = {Cambridge University Press},
	Title = {Inflectional morphology},
	Year = {2007}}

@misc{2006,
	Volume = {7},
	Year = {2006}}

@book{Bornkessel-Schlesewsky2015,
	Address = {Berlin},
	Author = {Bornkessel-Schlesewsky, Ina and Mal?{\vc}ukov, A. L. and Richards, Marc},
	Publisher = {Mouton De Gruyter},
	Title = {Scales and hierarchies: a cross-disciplinary perspective},
	Year = {2015}}

@article{Bouckaert2012,
	Author = {Bouckaert, Remco and Lemey, Philippe and Dunn, Michael and Greenhill, Simon J. and Alekseyenko, Alexander V. and Drummond, Alexei J. and Gray, Russell D. and Suchard, Marc A. and Atkinson, Quentin D.},
	Journal = {Science},
	Number = {6097},
	Pages = {957-960},
	Title = {Mapping the Origins and Expansion of the Indo-European Language Family},
	Volume = {337},
	Year = {2012}}

@book{Brugmann1893,
	Address = {Strassburg},
	Author = {Brugmann, Karl and Delbr{\"u}ck, Berthold},
	Publisher = {Tr{\"u}bner},
	Title = {{Grundriss der vergleichenden Grammatik der indogermanischen Sprachen: kurzgefasste Darstellung der Geschichte des Altindischen, Altiranischen (Avestischen u. Altpersischen), Altarmenischen, Altgriechischen, Albanesischen, Lateinischen, Oskisch-Umbrischen, Altirischen, Gotischen, Althochdeutschen, Litauischen und Altkirchenslavischen. Bd 3, Vergleichende Syntax der indogermanischen Sprachen, T. 1}},
	Year = {1893}}

@book{Brugmann1897,
	Address = {Strassburg},
	Author = {Brugmann, Karl and Delbr{\"u}ck, Berthold},
	Publisher = {Tr{\"u}bner},
	Title = {{Grundriss der vergleichenden Grammatik der indogermanischen Sprachen: kurzgefasste Darstellung der Geschichte des Altindischen, Altiranischen (Avestischen u. Altpersischen), Altarmenischen, Altgriechischen, Albanesischen, Lateinischen, Oskisch-Umbrischen, Altirischen, Gotischen, Althochdeutschen, Litauischen und Altkirchenslavischen. Bd 4, Vergleichende Syntax der indogermanischen Sprachen, T. 2}},
	Year = {1897}}

@article{Calude2016,
	Author = {Calude, Andreea S. and Verkerk, Annemarie},
	Journal = {Journal of Language Evolution},
	Number = {2},
	Pages = {91-108},
	Title = {The typology and diachrony of higher numerals in Indo-European: a phylogenetic comparative study},
	Volume = {1},
	Year = {2016}}

@article{Campbell2002,
	Author = {Campbell, Lyle and Harris, Alice C.},
	Journal = {Journal of Linguistics},
	Number = {3},
	Pages = {599-618},
	Title = {Syntactic Reconstruction and Demythologizing `Myths and the Prehistory of Grammars'},
	Volume = {38},
	Year = {2002}}

@article{Carling2012,
	Author = {Carling, Gerd},
	Journal = {Tocharian and Indo-European Studies},
	Pages = {57-76},
	Title = {{Development of form and function in a case system with layers: Tocharian and Romani compared}},
	Volume = {13},
	Year = {2012}}

@misc{2017,
	Year = {2017}}

@book{Carling2019,
	Address = {Berlin - Boston},
	Author = {Carling, Gerd},
	Publisher = {Mouton de Gruyter},
	Title = {{Mouton Atlas of Languages and Cultures. Vol. 1: Europe and West, Central and South Asia}},
	Year = {2019}}

@article{Carling2018,
	Author = {Carling, Gerd and Larsson, Filip and Cathcart, Chundra A. and Johansson, Niklas and Holmer, Arthur and Round, Erich R. and Verhoeven, Rob},
	Journal = {PLOS ONE},
	Title = {{Diachronic Atlas of Comparative Linguistics (DiACL) -- A Database for Ancient Language Typology}},
	Url = {https://journals.plos.org/plosone/article?id=10.1371/journal.pone.0205313}, 
    Volume = {13(10)},
	Year = {2018}}
 

@article{Cathcart2018,
	Author = {Cathcart, Chundra A. and Carling, Gerd and Larsson, Filip and Johansson, Niklas and Round, Erich R.},
	Journal = {Diachronica},
	Number = {1},
	Pages = {1-34},
	Title = {Areal pressure in grammatical evolution},
	Volume = {35},
	Year = {2018}}

@article{Chang2015,
	Author = {Chang, Will and Cathcart, Chundra A. and Hall, David and Garrett, Andrew},
	Journal = {Language},
	Number = {1},
	Pages = {194-244},
	Title = {{Ancestry-constrained phylogenetic analysis supports the Indo-European steppe hypothesis}},
	Volume = {91},
	Year = {2015}}

@book{Clackson2007,
	Address = {Cambridge, UK},
	Author = {Clackson, James},
	Publisher = {Cambridge University Press},
	Title = {{Indo-European linguistics: an introduction}},
	Year = {2007}}

@book{Comrie1981,
	Address = {Oxford},
	Author = {Comrie, Bernard},
	Publisher = {Blackwell},
	Title = {Language universals and linguistic typology: syntax and morphology},
	Year = {1981}}

@book{Croft1990,
	Address = {Cambridge},
	Author = {Croft, William},
	Publisher = {Cambridge University Press},
	Title = {Typology and universals},
	Year = {1990}}

@book{Croft2003,
	Address = {Cambridge},
	Author = {Croft, William},
	Publisher = {Cambridge University Press},
	Title = {Typology and universals},
	Year = {2003}}

@article{Croft2011,
	Author = {Croft, William and Bhattacharya, Tanmoy and Kleinschmidt, Dave and Smith, D. Eric and Jaeger, T. Florian},
	Journal = {Linguistic Typology},
	Number = {2},
	Pages = {433-453},
	Title = {Greenbergian universals, diachrony, and statistical analyses},
	Volume = {15},
	Year = {2011}}

@article{Cysouw2011,
	Author = {Cysouw, Michael},
	Journal = {Linguistic Typology},
	Number = {2},
	Pages = {415-431},
	Title = {Understanding transition probabilities},
	Volume = {15},
	Year = {2011}}

@article{Dediu2013,
	Author = {Dediu, Dan and Cysouw, Michael},
	Journal = {PLOS ONE},
	Number = {1},
	Pages = {e55009},
	Title = {Some Structural Aspects of Language Are More Stable than Others: A Comparison of Seven Methods},
	Volume = {8(1)},
	Year = {2013},
    Url = {https://doi.org/10.1371/journal.pone.0055009}}

@article{Dediu2012,
	Author = {Dediu, Dan and Levinson, Stephen C.},
	Journal = {PLOS ONE},
	Number = {9},
	Pages = {e45198},
	Title = {Abstract Profiles of Structural Stability Point to Universal Tendencies, Family-Specific Factors, and Ancient Connections between Languages},
	Volume = {7(10)},
    Url = {https://doi.org/10.1371/journal.pone.0045198},
	Year = {2012}}

@book{Delbrück1893,
   author = {Delbrück, Berthold},
   title = {{Grundriss der vergleichenden Grammatik der indogermanischen Sprachen : kurzgefasste Darstellung der Geschichte des Altindischen, Altiranischen (Avestischen u. Altpersischen), Altarmenischen, Altgriechischen, Albanesischen, Lateinischen, Oskisch-Umbrischen, Altirischen, Gotischen, Althochdeutschen, Litauischen und Altkirchenslavischen. Bd 3, Vergleichende Syntax der indogermanischen Sprachen, T. 1}},
   publisher = {Trübner},
   address = {Strassburg},
   year = {1893},
   type = {Book}
}

@book{Delbrück1897,
   author = {Delbrück, Berthold},
   title = {{Grundriss der vergleichenden Grammatik der indogermanischen Sprachen : kurzgefasste Darstellung der Geschichte des Altindischen, Altiranischen (Avestischen u. Altpersischen), Altarmenischen, Altgriechischen, Albanesischen, Lateinischen, Oskisch-Umbrischen, Altirischen, Gotischen, Althochdeutschen, Litauischen und Altkirchenslavischen. Bd 4, Vergleichende Syntax der indogermanischen Sprachen, T. 2}},
   publisher = {Trübner},
   address = {Strassburg},
   year = {1897},
   type = {Book}
}

@book{Delbrück1900,
   author = {Delbrück, Berthold},
   title = {{Grundriss der vergleichenden Grammatik der indogermanischen Sprachen : kurzgefasste Darstellung der Geschichte des Altindischen, Altiranischen (Avestischen u. Altpersischen), Altarmenischen, Altgriechischen, Albanesischen, Lateinischen, Oskisch-Umbrischen, Altirischen, Gotischen, Althochdeutschen, Litauischen und Altkirchenslavischen. Bd 5, Vergleichende Syntax der indogermanischen Sprachen, T. 3}},
   publisher = {Trübner},
   address = {Strassburg},
   year = {1900},
   type = {Book}
}

@book{Delbrück2009,
   author = {Delbrück, Berthold},
   title = {{Vergleichende Syntax der indogermanischen Sprachen}},
   publisher = {Cambridge University Press},
   address = {Cambridge},
   volume = {1},
   series = {Cambridge Library Collection - Linguistics},
   ISBN = {9781108007344},
   DOI = {DOI: 10.1017/CBO9780511706561},
   year = {2009},
   type = {Book}
}

@book{Delbrück2009,
   author = {Delbrück, Berthold},
   title = {{Vergleichende Syntax der indogermanischen Sprachen [Elektronisk resurs]}},
   year = {2009},
   type = {Book}
}

@book{Delbrück2010,
   author = {Delbrück, Berthold},
   title = {{Vergleichende Syntax der indogermanischen Sprachen}},
   publisher = {Cambridge University Press},
   address = {Cambridge},
   volume = {2},
   series = {Cambridge Library Collection - Linguistics},
   ISBN = {9781108007351},
   DOI = {DOI: 10.1017/CBO9780511706578},
   url = {https://www.cambridge.org/core/books/vergleichende-syntax-der-indogermanischen-sprachen/78513CA5BC38E27D42F1C6788BB59781},
   year = {2010},
   type = {Book}
}

@book{Dixon1997,
	Author = {Dixon, R. M. W.},
	Title = {The rise and fall of languages},
    publisher = {Cambridge University Press},
    address = {Cambridge},
	Year = {1997}}

@article{Carpenteretal2017,
	Author = {Carpenter, Bob and Gelman, Andrew and Hoffman, Matthew D. and Lee, Daniel and Goodrich, Ben and Betancourt, Michael and Brubaker, Marcus and Guo, Jiqiang and Li, Peter and Riddell, Allen},
	Journal = {Journal of statistical software},
	Number = {1},
	Title = {Stan: A probabilistic programming language},
	Volume = {76(1)},
    Pages = {1-32}, 
	Year = {2017}}

@article{Donohue2011,
	Author = {Donohue, Mark},
	Journal = {Linguistic Typology},
	Number = {2},
	Pages = {381-391},
	Title = {Stability of word order: Even simple questions need careful answers},
	Volume = {15},
	Year = {2011}}

@article{Dryer1992,
	Author = {Dryer, Matthew S.},
	Journal = {Language},
	Number = {1},
	Pages = {81-138},
	Title = {Greenbergian Word Order Correlations},
	Volume = {68},
	Year = {1992}}

@article{Dryer2011,
	Author = {Dryer, Matthew S.},
	Journal = {Linguistic Typology},
	Number = {2},
	Pages = {335-380},
	Title = {The evidence for word order correlations},
	Volume = {15},
	Year = {2011}}

@misc{2013,
	Year = {2013}}

@article{Dunn2017,
	Author = {Dunn, Michael and Dewey, Tonya Kim and Arnett, Carlee and Eyth{\'o}rsson, Th{\'o}rhallur and Barðdal, J{\'o}hanna},
	Journal = {Language},
	Number = {1},
	Pages = {e1-e22},
	Title = {Dative Sickness: A Phylogenetic Analysis of Argument Structure Evolution in {G}ermanic},
	Volume = {93},
    Url = {https://muse.jhu.edu/article/651291},
	Year = {2017}}

@article{Dunn2011,
	Author = {Dunn, Michael and Greenhill, Simon J. and Levinson, Stephen C. and Gray, Russell D.},
	Journal = {Nature},
	Number = {7345},
	Pages = {79-82},
	Title = {Evolved structure of language shows lineage-specific trends in word-order universals},
	Volume = {473},
	Year = {2011}}

@article{Felsenstein1981,
	Author = {Felsenstein, Joseph},
	Journal = {Journal of Molecular Evolution},
	Number = {6},
	Pages = {367-76},
	Title = {Evolutionary trees from {DNA} sequences: A maximum likelihood approach},
	Volume = {17},
 	Year = {1981}}

@book{Felsenstein2004,
	Address = {Sunderland, Mass.},
	Author = {Felsenstein, Joseph},
	Publisher = {Sinauer},
	Title = {Inferring phylogenies},
	Year = {2004}}

@book{Ferraresi2008,
	Address = {Amsterdam},
	Author = {Ferraresi, Gisella and Goldbach, Maria},
	Publisher = {John Benjamins},
	Title = {Principles of syntactic reconstruction},
	Year = {2008}}

@book{Friedrich1975,
	Address = {Butte, Mont.},
    Publisher = {Institute for the Study of Man},
	Author = {Friedrich, Paul},
	Title = {{Proto-Indo-European syntax: the order of meaningful elements}},
	Year = {1975}}

@book{Gamkrelidze1984,
	Address = {Tbilisi},
	Author = {Gamkrelidze, Tamaz Valerianovi{\v c} and Ivanov, Vja{\v c}eslav Vsevolodovi{\v c}},
	Publisher = {Izd. Tbilisskogo univ.},
	Title = {{Indoevropejskij jazyk i indoevropejcy: rekonstrukcija i istoriko-tipologi{\v c}eskij analiz prajazyka i protokul?tury = Indo-European and the Indo-Europeans: a reconstruction and historical typological analysis of a protolanguage and a proto-culture}},
	Year = {1984}}

@book{Gamkrelidze1995,
	Address = {Berlin},
	Author = {Gamkrelidze, Tamaz Valerianovi{\v c} and Ivanov, Vja{\v c}eslav Vsevolodovi{\v c} and Winter, Werner},
	Publisher = {Mouton de Gruyter},
	Title = {{Indo-European and the Indo-Europeans: a reconstruction and historical analysis of a proto-language and a proto-culture}},
	Year = {1995}}

@book{Greenberg1963,
	Address = {Cambridge, Mass.},
	Author = {Greenberg, Joseph H.},
	Publisher = {MIT Press},
	Title = {{Universals of language: report of a conference held at Dobbs Ferry, New York, April 13-15, 1961}},
	Year = {1963}}

@book{Greenberg1966,
	Author = {Greenberg, Joseph H.},
	Publisher = {The Hague: Mouton},
	Title = {Language universals: with special reference to feature hierarchies},
	Year = {1966}}

@book{Greenberg1978,
	Address = {Stanford},
	Author = {Greenberg, Joseph H.},
	Publisher = {Stanford University Press},
	Title = {Universals of human language},
	Year = {1978}}

@book{Greenberg2005,
	Address = {Berlin - New York},
	Author = {Greenberg, Joseph H. and Haspelmath, Martin},
	Publisher = {De Gruyter},
	Title = {Language Universals: With Special Reference to Feature Hierarchies},
	Year = {2005}}

@incollection{Harris2008,
	Address = {Amsterdam - Philadelphia},
	Author = {Harris, Alice C.},
	Booktitle = {Principles of Syntactic Reconstruction},
	Editor = {Ferraresi, Gisella and Goldbach, Maria},
	Publisher = {John Benjamins},
	Title = {{Reconstruction in syntax. Reconstruction of patterns}},
    Pages = {73-95},
	Year = {2008}}

@book{Harris1995,
	Address = {Cambridge},
	Author = {Harris, Alice C. and Campbell, Lyle},
	Publisher = {Cambridge University Press},
	Title = {Historical syntax in cross-linguistic perspective},
	Year = {1995}}

@article{Haspelmath2006,
	Author = {Haspelmath, Martin},
	Journal = {Journal of Linguistics},
	Number = {1},
	Pages = {25-70},
	Title = {Against Markedness (and What to Replace It With)},
	Volume = {42},
	Year = {2006}}

@misc{2008,
	Pages = {1-33},
	Volume = {19},
	Year = {2008}}

@article{Haspelmath2010,
	Author = {Haspelmath, Martin},
	Journal = {Language},
	Number = {3},
	Pages = {663-687},
	Title = {Comparative concepts and descriptive categories in crosslinguistic studies},
	Volume = {86},
	Year = {2010}}

@incollection{Haspelmath2015,
	Address = {Berlin - Boston},
	Author = {Haspelmath, Martin},
	Booktitle = {{Scales and hierarchies. A cross-disciplinary perspective}},
	Editor = {Bornkessel-Schlesewsky, Ina and Mal?{\vc}ukov, Andrej and Richards, Marc D.},
	Pages = {45-58},
	Publisher = {De Gruyter},
	Title = {Descriptive scales versus comparative scales},
	Year = {2015}}

@incollection{Haspelmath2018,
	Address = {Oxford},
	Author = {Haspelmath, Martin},
	Booktitle = {Grammaticalization from a Typological Perspective},
	Editor = {Narrog, Heiko and Heine, Berndt},
	Publisher = {Oxford University Press},
	Title = {Revisiting the anasynthetic spiral},
	Year = {2018}}

@book{Hewson1997,
	Address = {Amsterdam},
	Author = {Hewson, John and Buben{\'\i}k, V{\'\i}t},
	Publisher = {Benjamins},
	Title = {{Tense and aspect in Indo-European languages: theory, typology, diachrony}},
	Year = {1997}}

@incollection{Hirt1934,
	Address = {Heidelberg},
	Author = {Hirt, Hermann Alfred},
	Booktitle = {{Indogermanische Grammatik. T. 6, Syntax, 1:  syntaktische Verwendung der Kasus und der Verbalformen}},
	Pages = {29-75},
	Publisher = {Carl Winter},
	Title = {{Das Nomen. Kasuslehre}},

	Year = {1934}}

@incollection{Hirt1934,
	Address = {Cambridge},
	Author = {Hirt, Hermann Alfred},
	Booktitle = {Indogermanische Grammatik:},
	Pages = {1-16},
	Publisher = {Cambridge University Press},
	Title = {Einleitung},
	Volume = {6},
	Year = {1934}}

@book{Hirt1934,
	Address = {Heidelberg},
	Author = {Hirt, Hermann Alfred},
	Publisher = {Carl Winter},
	Title = {{Indogermanische Grammatik. T. 6, Syntax, 1: syntaktische Verwendung der Kasus un der Verbalformen}},
	Year = {1934}}

@incollection{Hirt1934,
	Address = {Cambridge},
	Author = {Hirt, Hermann Alfred},
	Booktitle = {Indogermanische Grammatik:},
	Pages = {17-29},
	Publisher = {Cambridge University Press},
	Title = {Numerus und Geschlecht},
	Volume = {6},
	Year = {1934}}

@book{Hirt1937,
	Address = {Heidelberg},
	Author = {Hirt, Hermann Alfred},
	Publisher = {Carl Winter},
	Title = {{Indogermanische Grammatik. T. 7, Syntax, 2: die Lehre vom einfachen und zusammengesetzten Satz}},
	Year = {1937}}

@incollection{Hirt1937,
	Address = {Cambridge},
	Author = {Hirt, Hermann Alfred},
	Booktitle = {Indogermanische Grammatik:},
	Pages = {226-268},
	Publisher = {Cambridge University Press},
	Title = {Wortstellung},
	Volume = {7},
	Year = {1937}}

@article{Hock2013,
	Author = {Hock, Hans Henrich},
	Journal = {Journal of Historical Linguistics},
	Number = {1},
	Pages = {49-76},
	Title = {{Proto-Indo-European verb-finality. Reconstruction, typology, validation}},
	Volume = {3},
	Year = {2013}}

@book{Hock1996,
	Address = {Berlin},
	Author = {Hock, Hans Henrich and Joseph, Brian D.},
	Publisher = {Mouton de Gruyter},
	Title = {Language history, language change, and language relationship: an introduction to historical and comparative linguistics},
	Year = {1996}}

@article{Bollback2006,
	Author = {Jonathan P Bollback},
	Journal = {BMC Bioinformatics},
	Pages = {88},
	Title = {{SIMMAP}: Stochastic character mapping of discrete traits on phylogenies},
	Volume = {7},
    Url = {https://bmcbioinformatics.biomedcentral.com/articles/10.1186/1471-2105-7-88},
	Year = {2006}}

@article{Huelsenbeck2003,
	Author = {Huelsenbeck, John P. and Nielsen, Rasmus and Bollback, Jonathan P.},
	Journal = {Systematic Biology},
	Number = {2},
	Pages = {131-58},
	Title = {Stochastic Mapping of Morphological Characters},
	Volume = {52},
	Year = {2003}}

@book{Jasanoff1978,
	Address = {Innsbruck},
	Author = {Jasanoff, Jay H.},
	Publisher = {Institut f{\"u}r Sprachwissenschaft},
	Title = {{Stative and middle in Indo-European}},
	Year = {1978}}

@book{Jasanoff2003,
	Author = {Jasanoff, Jay H.},
	Publisher = {Oxford: Oxford University Press, 2003},
	Title = {{Hittite and the Indo-European verb}},
	Year = {2003}}

@book{Josephson2008,
	Address = {Amsterdam},
	Author = {Josephson, Folke and S{\"o}hrman, Ingmar},
	Publisher = {John Benjamins},
	Title = {Interdependence of diachronic and synchronic analyses},
	Year = {2008}}

@misc{1974,
	Number = {131},
	Pages = {11},
	Volume = {12},
	Year = {1974}}

@book{Krahe1972,
	Address = {Innsbruck},
	Author = {Krahe, Hans and Schmeja, Hans and Meid, Wolfgang},
	Title = {{Grundz{\"u}ge der vergleichenden Syntax der indogermanischen Sprachen}}, Publisher = {Institut für vergleichende Sprachwissenschaft},
	Year = {1972}}

@book{Krause1960,
	Address = {Heidelberg},
	Author = {Krause, Wolfgang and Thomas, Werner},
	Title = {{Tocharisches Elementarbuch. B. 1, Grammatik}},
    Publisher = {Carl Winter},
	Year = {1960}}

@incollection{Krisch1990,
	Address = {Wiesbaden},
	Author = {Krisch, Thomas},
	Booktitle = {{Sprachwissenschaft und Philologie. Jacob Wackernagel und die Indogermanistik heute}},
	Editor = {Eichner, Heiner and Rix, Helmut},
	Pages = {64-81},
	Publisher = {Harrassowitz},
	Title = {{Das Wackernagelsche Gesetz aus heutiger Sicht}},
	Year = {1990}}

@book{Kulikov2015,
	Address = {Amsterdam},
	Author = {Kulikov, L. I. and Lavidas, Nikolaos},
	Publisher = {John Benjamins},
	Title = {{Proto-Indo-European syntax and its development}},
	Year = {2015}}

@article{Labov1972,
	Author = {Labov, William},
	Journal = {Language in Society},
	Number = {1},
	Pages = {97},
	Title = {Some Principles of Linguistic Methodology},
	Year = {1972}}

@book{Ledgeway2017,
	Author = {Ledgeway, Adam and Roberts, Ian G.},
	Title = {{The Cambridge handbook of historical syntax}},
    Publisher = {Cambridge University Press},
    Address = {Cambridge},
	Year = {2017}}

@article{Lehmann1973,
	Author = {Lehmann, Winfred P.},
	Journal = {Language},
    Volume = {49},
	Number = {1},
	Pages = {47-66},
	Title = {A Structural Principle of Language and Its Implications},
	Year = {1973}}

@book{Lehmann1974,
	Address = {Austin},
	Author = {Lehmann, Winfred P.},
	Publisher = {Univ. of Texas P.},
	Title = {{Proto-Indo-European syntax}},
	Year = {1974}}

@book{Lehmann1993,
	Address = {London},
	Author = {Lehmann, Winfred P.},
	Publisher = {Routledge},
	Title = {{Theoretical bases of Indo-European linguistics}},
	Year = {1993}}

@book{Lehmann2002,
	Address = {Washington, D.C.},
	Author = {Lehmann, Winfred P.},
	Publisher = {Institute for the Study of Man},
	Title = {{Pre-Indo-European}},
	Year = {2002}}

@article{Levy2011,
	Author = {Levy, Roger and Daum{\'e}, Hal},
	Journal = {Linguistic Typology},
	Number = {2},
	Pages = {393-399},
	Title = {Computational methods are invaluable for typology, but the models must match the questions},
	Volume = {15},
	Year = {2011}}

@article{Lightfoot2002,
	Author = {Lightfoot, David W.},
	Journal = {Journal of Linguistics},
    Volume = {38},
    Number = {1},
	Pages = {113-36},
	Title = {Myths and the Prehistory of Grammars},
	Year = {2002}}

@article{Longobardi2011,
	Author = {Longobardi, Giuseppe and Roberts, Ian},
	Journal = {Linguistic Typology},
	Number = {2},
	Pages = {483-495},
	Title = {Non-arguments about non-universals},
	Volume = {15},
	Year = {2011}}

@article{Luraghi2011,
	Author = {Luraghi, Silvia},
	Journal = {Folia Linguistica},
	Number = {2},
	Pages = {435-64},
	Title = {{The origin of the Proto-Indo-European gender system: Typological considerations}},
	Volume = {45},
	Year = {2011}}

@incollection{Malchukov2015,
	Address = {Berlin - New York},
	Author = {Mal?{\vc}ukov, Andrej},
	Booktitle = {Scales and Hierarchies: A Cross-Disciplinary Perspective},
	Editor = {Bornkessel-Schlesewsky, Ina and Mal?{\vc}ukov, Andrej and Richards, Marc D.},
	Pages = {275-96},
	Publisher = {Mouton de Gruyter},
	Title = {{Towards a typology of split ergativity: A TAM-hierarchy for alignment splits.}},
	Year = {2015}}

@book{Mallory1997,
	Address = {London},
	Author = {Mallory, James P. and Adams, Douglas Q.},
	Publisher = {Fitzroy Dearborn},
	Title = {{Encyclopedia of Indo-European culture}},
	Year = {1997}}

@book{Martinet1962,
	Address = {Oxford},
	Author = {Martinet, Andr{\'e}},
	Publisher = {Clarendon Press},
	Title = {{A functional view of language: being the Waynflete lectures delivered in the College of St. Mary Magdalen, Oxford 1961}},
	Year = {1962}}

@book{Liggett2010,
	Address = {Providence, RI},
	Author = {Thomas M. Liggett},
	Date-Added = {2016-10-17 11:11:54 +0200},
	Date-Modified = {2016-10-17 11:13:53 +0200},
	Publisher = {American Mathematical Society},
	Series = {Graduate Studies in Mathematics},
	Title = {Continuous Time {M}arkov Processes: An Introduction},
	Volume = {113},
	Year = {2010}}

@article{Diessel2007,
	Author = {Diessel, Holger},
	Journal = {New Ideas in Psychology},
	Number = {2},
	Pages = {108--127},
	Publisher = {Elsevier},
	Title = {Frequency effects in language acquisition, language use, and diachronic change},
	Volume = {25},
	Year = {2007}}

@article{Nichols1993,
	Author = {Johanna Nichols},
	Journal = {Australian Journal of Linguistics},
	Pages = {39-89},
	Title = {Ergativity and linguistic geography},
	Volume = {13},
	Year = {1993}}

@article{Cathcart2018modeling,
	Author = {Cathcart, Chundra A.},
	Journal = {Linguistics Vanguard},
	Publisher = {De Gruyter Mouton},
	Title = {Modeling linguistic evolution: a look under the hood},
	Volume = {4},
    Url = {https://doi.org/10.1515/lingvan-2017-0043},
	Year = {2018}}

@article{vehtari2017practical,
	Author = {Vehtari, Aki and Gelman, Andrew and Gabry, Jonah},
	Journal = {Statistics and computing},
	Number = {5},
	Pages = {1413--1432},
	Publisher = {Springer},
	Title = {{Practical Bayesian model evaluation using leave-one-out cross-validation and WAIC}},
	Volume = {27},
	Year = {2017}}

@book{Martinet1975,
	Address = {Paris},
	Author = {Martinet, Andr{\'e}},
	Publisher = {P.U.F.},
	Title = {{\'E}volution des langues et reconstruction},
	Year = {1975}}

@book{Matasovic2004,
	Address = {Heidelberg},
	Author = {Matasovi{\'c}, Ranko},
	Publisher = {Winter},
	Title = {{Gender in Indo-European}},
	Year = {2004}}

@article{Maurits2014,
	Author = {Maurits, Luke and Griffiths, Thomas L.},
	Journal = {Proceedings of the National Academy of Sciences},
	Pages = {13576-13581},
	Title = {{Tracing the roots of syntax with Bayesian phylogenetics}},
	Volume = {111},
    Number = {37},
	Year = {2014}}

@incollection{Meid1975,
	Address = {Wiesbaden},
	Author = {Meid, Wolfgang},
	Booktitle = {{Flexion und Wortbildung}},
	Editor = {Rix, Helmut},
	Pages = {204-219},
	Publisher = {Ludwig Reichert},
	Title = {{Probleme der r{\"a}umlichen und zeitlichen Gliederung des Indogermanischen}},
	Year = {1975}}

@book{Meier-Brügger2010,
   author = {Meier-Brügger, Michael and Fritz, Matthias and Mayrhofer, Manfred},
   title = {{Indogermanische Sprachwissenschaft}},
   publisher = {de Gruyter},
   address = {Berlin},
   ISBN = {9783110251432
3110251434},
   year = {2010},
   type = {Book}
}

@book{Meillet1948,
	Address = {Paris},
	Author = {Meillet, Antoine},
	Publisher = {Champion},
	Title = {Linguistique historique et linguistique g{\'e}n{\'e}rale},
	Year = {1948}}

@article{Melchert2000,
	Author = {Melchert, Craig},
	Journal = {Tocharian and Indo-European Studies},
	Pages = {53-75},
	Title = {Tocharian plurals in -nt and related phenomena},
	Volume = {9},
	Year = {2000}}

@incollection{Murawaki2018,
	Author = {Murawaki, Yugo},
	Pages = {4371-4382},
	Title = {Analyzing Correlated Evolution of Multiple Features Using Latent Representations},
Booktitle = {{Proceedings of the 2018 Conference on Empirical Methods in Natural Language Processing}},
    Address = {Brussels},
    Publisher = {Association for Computational Linguistics},
    Url = {https://www.aclweb.org/anthology/D18-1468},
  Year = {2018}}

@book{Nichols1992,
	Address = {Chicago},
	Author = {Nichols, Johanna},
	Publisher = {University of Chicago Press},
	Title = {Linguistic diversity in space and time},
	Year = {1992}}

@incollection{Nichols1995,
	Address = {Amsterdam - Philadelphia},
	Author = {Nichols, Johanna},
	Booktitle = {{Historical linguistics 1993. Selected papers from the 11th International Conference on Historical Linguistics. Los Angeles 16-20 August 1993}},
	Editor = {Andersen, Henning},
	Pages = {337-355},
	Publisher = {John Benjamins},
	Title = {Diachronically stable structural features},
	Year = {1995}}

@incollection{Nichols1998,
	Address = {New York},
	Author = {Nichols, Johanna},
	Booktitle = {{Archaeology and language II. Archaeological data and linguistic hypotheses}},
	Editor = {Blench, Roger and Spriggs, Matthew},
	Pages = {220-266},
	Publisher = {Routledge},
	Title = {{The Eurasian spread zone and the Indo-European dispersal}},
	Year = {1998}}

@article{Nielsen2002,
	Author = {Nielsen, Rasmus},
	Journal = {Systematic Biology},
	Volume = {51},
    Number = {5},
	Pages = {729-39},
	Title = {Mapping Mutations on Phylogenies},
	Year = {2002}}

@article{Pagel2007,
	Author = {Pagel, Mark and Atkinson, Quentin D. and Meade, Andrew},
	Journal = {Nature},
	Pages = {717-720},
	Title = {{Frequency of word-use predicts rates of lexical evolution throughout Indo-European history}},
	Volume = {449},
	Year = {2007}}

@article{Pagel2006,
	Author = {Pagel, Mark and Meade, Andrew},
	Journal = {The American Naturalist},
	Volume = {167},
    Number = {6},
	Pages = {808-25},
	Title = {{Bayesian analysis of correlated evolution of discrete characters by Reversible?Jump Markov Chain Monte Carlo}},
	Year = {2006}}

@incollection{Pires2008,
	Address = {Amsterdam},
	Author = {Pires, Acrisio and Thomason, Sarah G.},
	Booktitle = {Principles of Syntactic Reconstruction},
	Editor = {Ferraresi, Gisella and Goldbach, Maria},
	Pages = {27-72},
	Publisher = {Benjamins},
	Title = {How much syntactic reconstruction is possible?},
	Year = {2008}}

@article{Plank2011,
	Author = {Plank, Frans},
	Journal = {Linguistic Typology},
	Number = {2},
	Pages = {333-334},
	Title = {Call for debate re word-order universals},
	Volume = {15},
	Year = {2011}}

@article{Plank2011,
	Author = {Plank, Frans},
	Journal = {Linguistic Typology},
	Number = {2},
	Pages = {455-471},
	Title = {Where's diachrony?},
	Volume = {15},
	Year = {2011}}

@article{Pooth2018,
	Author = {Pooth, Roland and Kerkhof, Peter and Kulikov, Leonid and Barðdal, J{\'o}hanna},
	Title = {{The origin of non-canonical case marking of subjects in Proto-Indo-European: Accusative, ergative, or semantic alignment}},
    Journal = {{Indogermanische Forschungen}},
    Volume = {124},
    Number = {1},
    Pages = {245-64},
	Year = {2018}}

@misc{2018,
	Year = {2018}}

@book{Rix2001,
	Address = {Wiesbaden},
	Author = {Rix, Helmut and K{\"u}mmel, Martin},
	Publisher = {Reichert},
	Title = {{LIV: Lexikon der indogermanischen Verben: die Wurzeln und ihre Prim{\"a}rstammbildungen}},
	Year = {2001}}

@book{Roberts2007,
	Address = {Oxford},
	Author = {Roberts, Ian G.},
	Publisher = {Oxford University Press},
	Title = {Diachronic syntax},
	Year = {2007}}

@article{Schlerath1981,
	Author = {Schlerath, Bernfried},
	Journal = {Zeitschrift f\"ur vergleichende Sprachforschung},
	Number = {2},
	Pages = {175-202},
	Title = {{Ist ein Raum/Zeit-Modell f\"ur eine rekonstruierte Sprache m\"oglich?}},
	Volume = {95},
	Year = {1981}}

@incollection{Schmidt1979,
	Address = {London},
	Author = {Schmidt, Karl Horst},
	Booktitle = {Ergativity: Towards a Theory of Grammatical Relations.},
	Editor = {Plank, Frans},
	Pages = {333-345},
	Publisher = {Academic Press},
	Title = {{Reconstructing active and ergative stages of Pre-Indo-European}},
	Year = {1979}}

@article{Schmidt1982,
	Author = {Schmidt, Karl Horst},
	Journal = {{\'E}tudes Finno-Ougriennes},
	Pages = {335-346},
	Title = {{Typusrelevanter Sprachwandel flektierend zu agglutinierend und seine Korrelationen}},
	Volume = {XV},
	Year = {1982}}

@book{Siewierska1998,
	Address = {Berlin},
	Author = {Siewierska, Anna},
	Publisher = {Mouton de Gruyter},
	Title = {{Constituent order in the languages of Europe}},
	Year = {1998}}

@article{Silva2016,
	Author = {Silva, Sara Gra{\c c}a da and Tehrani, Jamshid J.},
	Journal = {Royal Society Open Science},
	Title = {{Comparative phylogenetic analyses uncover the ancient roots of Indo-European folktales}},
    Volume = {3},
    Number = {1},
    Url = {https://doi.org/10.1098/rsos.150645},
	Year = {2016}}

@article{Simon2003,
	Author = {Simon P. Blomberg and Theodore Garland, Jr. and Anthony, R. Ives},
	Journal = {Evolution},
	Number = {4},
	Pages = {717},
	Title = {Testing for Phylogenetic Signal in Comparative Data: Behavioral Traits Are More Labile},
	Volume = {57},
	Year = {2003}}

@article{Sturtevant1962,
	Author = {Sturtevant, Edgar H.},
	Journal = {Language},
	Number = {2},
	Pages = {105-110},
	Title = {{The Indo-Hittite hypothesis}},
	Volume = {38},
	Year = {1962}}

@book{Szemerényi1989,
   author = {Szemerényi, Oswald},
   title = {{Einführung in die vergleichende Sprachwissenschaft}},
   publisher = {Wissenschaftl. Buchgesellschaft},
   address = {Darmstadt}, 
   year = {1989},
   type = {Book}
}

@book{Szemerényi1996,
   author = {Szemerényi, Oswald},
   title = {{Introduction to Indo-European linguistics}},
   publisher = {Clarendon Press},
   address = {Oxford},
   ISBN = {0-19-824015-5
0-19-823870-3 (pbk)},
   year = {1996},
   type = {Book}
}


@article{Tichy1993,
	Author = {Tichy, Eva},
	Journal = {Historische Sprachforschung / Historical Linguistics},
	Number = {1},
	Pages = {1-19},
	Title = {{Kollektiva, Genus femininum und relative Chronologie im Indogermanischen}},
	Volume = {106},
	Year = {1993}}

@article{Uhlenbeck1901,
	Author = {Uhlenbeck, C. Cornelis},
	Journal = {Indogermanische Forschungen},
	Pages = {170-171},
	Title = {{Agens und Patiens im Kasussystem der indogermanischen Sprachen}},
	Volume = {12},
	Year = {1901}}

@misc{1892,
	Number = {1},
	Pages = {333},
	Volume = {1},
	Year = {1892}}

@book{Wackernagel1920,
	Address = {Basel},
	Author = {Wackernagel, Jacob},
	Publisher = {in Kommissionsvlg von E. Birkh{\"a}user},
	Title = {{Vorlesungen {\"u}ber Syntax mit besonderer Ber{\"u}cksichtigung von Griechisch, Lateinisch und Deutsch}},
	Year = {1920}}

@book{Vaillant1936,
	Author = {Vaillant, A.},
	Publisher = {C. Klincksieck},
	Title = {L' Ergatif indo-europ{\'e}en},
	Year = {1936}}

@article{Klimov1974,
	Author = {Georgij Andreevich Klimov},
	Journal = {Linguistics},
	Title = {On the Character of Languages of Active Typology},
	Volume = {12},
    Pages = {11-76},
	Year = {1974}}

@article{Walkden2013,
	Author = {Walkden, George},
	Journal = {Diachronica},
	Number = {1},
	Pages = {95-122},
	Title = {The correspondence problem in syntactic reconstruction},
	Volume = {30},
	Year = {2013}}

@article{Walkden2019,
	Author = {Walkden, George},
	Journal = {Glossa: A Journal of General Linguistics},
	Number = {1},
	Title = {The many faces of uniformitarianism in linguistics},
	Volume = {4},
    Pages = {52},
    Url = { http://doi.org/10.5334/gjgl.888},
	Year = {2019}}

@incollection{Watkins1976,
	Address = {Chicago},
	Author = {Watkins, Calvert},
	Booktitle = {Papers from the Parasession on Diachronic Syntax},
	Editor = {Steever, Sanford and Walker, Carol A. and Mufwene, Salikoko S.},
	Pages = {305-326},
	Publisher = {Chicago Linguistic Society},
	Title = {{Towards Proto-Indo-European syntax: problems and pseudoproblems}},
	Year = {1976}}

@incollection{Wichmann2014,
	Address = {London - New York},
	Author = {Wichmann, S{\o}ren},
	Booktitle = {{The Routledge handbook of historical linguistics}},
	Editor = {Bowern, Claire and Evans, Bethwyn},
	Publisher = {Routledge},
	Title = {Diachronic stability and typology},
	Pages = {212-224},
	Year = {2014}}

@incollection{Winter1984,
	Address = {Berlin - New York},
	Author = {Winter, Werner},
	Booktitle = {Historical Syntax},
	Editor = {Fisiak, Jacek},
	Pages = {613-625},
	Publisher = {Mouton de Gruyter},
	Title = {Reconstructional comparative linguistics and the reconstruction of undocumented stages in the development of languages and language families},
	Year = {1984}}

@incollection{Viti2015,
	Address = {Amsterdam - Philadelphia},
	Author = {Viti, Carlotta},
	Booktitle = {Perspectives on Historical Syntax},
	Editor = {Viti, Carlotta},
	Pages = {3-34},
	Publisher = {John Benjamins},
	Title = {Historical syntax: Problems, materials, methods, hypotheses},
	Year = {2015}}

@incollection{Nichols2003,
	Address = {Oxford},
	Author = {Johanna Nichols},
	Booktitle = {{The Oxford handbook of historical linguistics}},
	Editor = {Brian D. Joseph and Richard D. Janda},
	Pages = {283-310},
	Publisher = {Blackwell},
	Title = {Diversity and stability in languages},
	Year = {2003}}

@article{Bates2015,
	Author = {Douglas Bates and Martin M{\"a}chler and Ben Bolker and Steve Walker},
	Journal = {Journal of Statistical Software},
	Number = {1},
	Pages = {1--48},
	Title = {{Fitting Linear Mixed-Effects Models using {lme4}}},
	Volume = {67},
	Year = {2015}}

@article{Dediu2010,
	Author = {Dan Dediu},
	Journal = {Proceedings of the Royal Society of London B},
	Number = {1704},
	Pages = {474-79},
	Title = {A {Bayesian} phylogenetic approach to estimating the stability of linguistic features and the genetic biasing of tone},
	Volume = {278},
	Year = {2010}}

@incollection{Witzlack-Makarevich2018,
	Address = {Berlin},
	Author = {Witzlack-Makarevich, Alena and Ser{\v z}ant, Ilja A.},
	Booktitle = {Diachrony of differential argument marking},
	Editor = {Ser{\v z}ant, Ilja A. and Witzlack-Makarevich, Alena},
	Pages = {1-40},
	Publisher = {Language Science Press},
	Title = {Differential argument marking: Patterns of variation},
	Year = {2018}}

@book{Yang2014,
	Address = {Oxford},
	Author = {Yang, Z.},
	Publisher = {Oxford University Press},
	Title = {Molecular Evolution: A Statistical Approach},
	Year = {2014}}